@article{nonnenmacher,
author = "St\'{e}phane Nonnemacher",
title = "Anatomy of quantum chaotic eigenstates",
year = "2010",
journal = "S\'{e}minare Poincar\'{e}",
volume = "XIV",
pages = "177--220"
}

@article{bogomolny,
author = "E. Bogomolny and C. Schmit",
title = "Percolation Model for Nodal Domains of Chaotic Wavefunctions",
year = "2002",
journal = "Physical Review Letters",
volume = "88",
number = "11"
}

@article{vergini,
author = "E. Vergini",
title = "Calculation by scaling of highly excited states of billiards",
year = "1995",
journal = "Physical Review E",
volumne = "52",
number = "3",
pages = "2204--2207"
}

@article{barnett,
author = "A. Barnett",
title = "Asymptotic rate of quantum ergodicity in chaotic Euclidean billiards",
year = "2006",
journal = "Communications in Pure and Applied Mathematics",
volume= "59",
number = "10",
pages = "1457--1488"
}

@article{barnett_hassell,
  author = "A. Barnett and A. Hassell",
  title = "Fast computation of high frequency Dirichlet eigenmodes via the spectral flow of the interior Neumann-to-Dirichlet map",
  year = "2012",
  eprint = "arXiv:1112.5665v1"
}

@book{chernov,
  title={Chaotic billiards},
  author={Chernov, N. and Markarian, R.},
  isbn={9780821840962},
  lccn={2006042819},
  series={Mathematical surveys and monographs},
  url={http://books.google.com/books?id=Zu5u7wfHstsC},
  year={2006},
  publisher={American Mathematical Society}
}

@article{wigman,
  title="On the nodal line of random and deterministic Laplace eigenfunctions",
  author="I. Wigman",
  year = {2011},
  eprint = {arXiv:1103.0150}
}

@book{garabedian,
  title="Partial differential equations",
  author="P. R. Garabedian",
  publisher="John Wiley \& Sons Inc.",
  year="1964",
  address="New York"
}
